@manual{Anleitung,
  organization = {TU Dortmund, Fakultät Physik},
  title = {Versuch zum Literaturverzeichnis},
  date = {2018-04-14},
  url= {}
}

@onine{website,
  title = {},
  date = {},
  url = {}
}

@book{Stöcker,
author = {Prof. Dr. Horst Stöcker},
title = {Taschenbuch der Physik},
publisher = {Verlag Harri Deutsch},
year = {1998}
}
