@manual{Anleitung,
  author = {TU Dortmund},
  title = {Versuch zum Literaturverzeichnis},
  date = {2018-04-14},
  url= {}
}

@onine{website,
  title = {},
  date = {},
  url = {}
}

@book{demtröder,
author = {Wolfgang Demtröder},
title = {Experimentalphysik 1 - Mechanik und Wärme},
year = {2012}
}

@book{Stöcker,
author = {Prof. Dr. Horst Stöcker},
title = {Taschenbuch der Physik},
publisher = {Verlag Harri Deutsch},
year = {1998}
}
