@online{anleitung,
  author = {TU Dortmund},
  title = {Versuchsanleitung zu Versuch 46},
  url = {https://moodle.tu-dortmund.de/mod/folder/view.php?id=1233916},
  urldate = {2022-10-26}
}

@article{effmasse,
  title = {Valence-Band Parameters in Cubic Semiconductors},
  author = {Lawaetz, P.},
  journal = {Phys. Rev. B},
  volume = {4},
  issue = {10},
  pages = {3460--3467},
  numpages = {0},
  year = {1971},
  month = {11},
  publisher = {American Physical Society},
  doi = {10.1103/PhysRevB.4.3460},
  url = {https://link.aps.org/doi/10.1103/PhysRevB.4.3460}
}
