@online{anleitung,
  author = {TU Dortmund},
  title = {Versuchsanleitung zu Versuch 44},
  url = {https://moodle.tu-dortmund.de/pluginfile.php/2104402/mod_resource/content/6/V44.pdf},
  urldate = {2022-11-08}
}

@article{Tolan,
  title = {X-ray reflectivity and Grazing Incidence Small Angle X-Ray Scattering},
  author = {Tolan, M.},
  pages = {17},
  year = {2005},
  url = {https://magnetism.eu/esm/2005-constanta/slides/renaud-slides.pdf},
  urldate = {2022-11-08}
}

@article{Pynn,
  title = {Neutron Reflectometry},
  author = {Pynn, R.},
  pages = {14},
  url = {https://www.eng.uc.edu/~beaucag/Classes/Characterization/ReflectivityLab/RogerPynnReflectometry.pdf},
  urldate = {2022-11-08}
}
